@PhdThesis{Kur02,
	author = {Kurovsky, Monika},
	title = {Étude des systèmes dynamiques hybrides par représentation d'état discrète et automate hybride.},
	school = {Institut National Polytechnique Grenoble - INPG},
	year = {2002},
}

@Article{Blu97,
	author = {Blum, Avrim},
	title = {Fast planning through planning graph analysis},
	journal = {Artificial Intelligence},
	year = {1997},
	OPTvolume = {90},
	OPTpages = {281,300},
}

